<?xml version="1.0" encoding="UTF-8"?><record xmlns="http://www.loc.gov/MARC21/slim" xmlns:cinclude="http://apache.org/cocoon/include/1.0" xmlns:zs="http://www.loc.gov/zing/srw/">
  <leader>00681nz  a2200193n  4500</leader>
  <controlfield tag="001">no2014018673</controlfield>
  <controlfield tag="003">DLC</controlfield>
  <controlfield tag="005">20140212073546.0</controlfield>
  <controlfield tag="008">140211n| azannaabn          |n ana     c</controlfield>
  <datafield tag="010" ind1=" " ind2=" ">
    <subfield code="a">no2014018673</subfield>
  </datafield>
  <datafield tag="034" ind1=" " ind2=" ">
    <subfield code="d">W0713240</subfield>
    <subfield code="e">W0713240</subfield>
    <subfield code="f">N0432110</subfield>
    <subfield code="g">N0432110</subfield>
    <subfield code="2">gnis</subfield>
  </datafield>
  <datafield tag="035" ind1=" " ind2=" ">
    <subfield code="a">(OCoLC)oca09681187</subfield>
  </datafield>
  <datafield tag="040" ind1=" " ind2=" ">
    <subfield code="a">MH</subfield>
    <subfield code="b">eng</subfield>
    <subfield code="e">rda</subfield>
    <subfield code="c">MH</subfield>
  </datafield>
  <datafield tag="046" ind1=" " ind2=" ">
    <subfield code="s">1727</subfield>
  </datafield>
  <datafield tag="151" ind1=" " ind2=" ">
    <subfield code="a">Canterbury (N.H. : Town)</subfield>
  </datafield>
  <datafield tag="368" ind1=" " ind2=" ">
    <subfield code="b">Town</subfield>
  </datafield>
  <datafield tag="670" ind1=" " ind2=" ">
    <subfield code="a">Canterbury (N.H. : Town). Annual reports of the town officers of the Town of Canterbury, January 31, 1936:</subfield>
    <subfield code="b">title page (Town of Canterbury)</subfield>
  </datafield>
  <datafield tag="670" ind1=" " ind2=" ">
    <subfield code="a">GNIS, 11 Feb. 2014</subfield>
    <subfield code="b">(Town of Canterbury; est. 1727; Merrimack county)</subfield>
  </datafield>
  <datafield tag="781" ind1=" " ind2="0">
    <subfield code="z">New Hampshire</subfield>
    <subfield code="z">Canterbury (Town)</subfield>
  </datafield>
</record>